<?xml version="1.0" encoding="UTF-8"?><record xmlns="http://www.loc.gov/MARC21/slim" xmlns:cinclude="http://apache.org/cocoon/include/1.0" xmlns:zs="http://www.loc.gov/zing/srw/">
  <leader>00696cz  a2200193n  4500</leader>
  <controlfield tag="001">no2005113730</controlfield>
  <controlfield tag="003">DLC</controlfield>
  <controlfield tag="005">20150618073831.0</controlfield>
  <controlfield tag="008">050825n| azannaabn          |a ana     c</controlfield>
  <datafield tag="010" ind1=" " ind2=" ">
    <subfield code="a">no2005113730</subfield>
  </datafield>
  <datafield tag="035" ind1=" " ind2=" ">
    <subfield code="a">(OCoLC)oca06795378</subfield>
  </datafield>
  <datafield tag="040" ind1=" " ind2=" ">
    <subfield code="a">OBgU-MA</subfield>
    <subfield code="b">eng</subfield>
    <subfield code="e">rda</subfield>
    <subfield code="c">OBgU-MA</subfield>
    <subfield code="d">AAP</subfield>
    <subfield code="d">WaU</subfield>
  </datafield>
  <datafield tag="110" ind1="2" ind2=" ">
    <subfield code="a">Ghetto Dogs (Musical group)</subfield>
  </datafield>
  <datafield tag="368" ind1=" " ind2=" ">
    <subfield code="a">Musical groups</subfield>
    <subfield code="a">Rock groups</subfield>
    <subfield code="2">lcsh</subfield>
  </datafield>
  <datafield tag="372" ind1=" " ind2=" ">
    <subfield code="a">Punk rock music</subfield>
    <subfield code="2">lcgft</subfield>
  </datafield>
  <datafield tag="410" ind1="2" ind2=" ">
    <subfield code="a">The Ghetto Dogs (Musical group)</subfield>
  </datafield>
  <datafield tag="500" ind1="1" ind2=" ">
    <subfield code="w">r</subfield>
    <subfield code="i">Member:</subfield>
    <subfield code="a">Chrome, Cheetah</subfield>
  </datafield>
  <datafield tag="670" ind1=" " ind2=" ">
    <subfield code="a">Chrome, C. Cheetah Chrome and the Ghetto Dogs [SR] 1993:</subfield>
    <subfield code="b">label (Ghetto Dogs)</subfield>
  </datafield>
  <datafield tag="670" ind1=" " ind2=" ">
    <subfield code="a">Discogs website, June 17, 2015</subfield>
    <subfield code="b">(Cheetah Chrome And The Ghetto Dogs; Genre: Rock; Style: Punk)</subfield>
  </datafield>
</record>